@BOOK{BOOK:1,
AUTHOR="Stephen Lucci & Danny Kopec",
TITLE="ArtificiAl intelligence in the 21st century - A Living Introduction",
PUBLISHER="Mercury Learning and Information",
YEAR="2016",
}

@ARTICLE{ARTICLE:1,
	AUTHOR="Pranav Budhwant",
	TITLE="A beginnerâ€™s guide to deriving and implementing backpropagation",
	JOURNAL="Medium.com",
	YEAR="2018",
}

@ARTICLE{ARTICLE:2,
	AUTHOR="Missinglink ai",
	TITLE="Backpropagation in Neural Networks: Process, Example & Code",
	JOURNAL="Missinglink.ai",
	YEAR="2018",
}